<?xml version="1.0" encoding="UTF-8"?><collection xmlns="http://www.loc.gov/MARC21/slim"><record><leader>00334nam--2200121-i-4500</leader><controlfield tag="001">000028121</controlfield><controlfield tag="002">20161230</controlfield><controlfield tag="005">20161230201037</controlfield><controlfield tag="008">060222s1000------------r-----000-0-eng-d</controlfield><datafield ind1=" " ind2=" " tag="100"><subfield code="a">Pendred, B.W</subfield></datafield><datafield ind1=" " ind2=" " tag="260"><subfield code="a">Kempe`S Engineers Year-book For 1965. 70th Edition</subfield></datafield><datafield ind1=" " ind2=" " tag="490"><subfield code="a">London, Morgan Brothers, 1965. Xxiii+1399p</subfield></datafield><datafield ind1=" " ind2=" " tag="700"><subfield code="a">Prockter, C.E</subfield></datafield></record></collection>